@online{pod,
  title   = {Kubernetes Pod},
  author  = {Kubernetes},
  year    = {2023},
  url     = {https://kubernetes.io/docs/concepts/workloads/pods/},
  urldate = {2023-12-01}
}

@online{service,
  title   = {Kubernetes Service},
  author  = {Kubernetes},
  year    = {2023},
  url     = {https://kubernetes.io/docs/concepts/services-networking/service/},
  urldate = {2023-12-01}
}

@online{deployment,
  title   = {Kubernetes Deployment},
  author  = {Kubernetes},
  year    = {2023},
  url     = {https://kubernetes.io/docs/concepts/workloads/controllers/deployment/},
  urldate = {2023-12-01}
}
@online{penelitianterkait1,
  title   = {Managing 100,000 Edge Nodes on China's Highways Using KubeEdge},
  author  = {KubeEdge},
  year    = {2023},
  url     = {https://kubeedge.io/case-studies/chinahighways/},
  urldate = {2023-12-03}
}

@online{container,
  title = {Docker container},
  url = {https://www.docker.com/resources/what-container/},
  year = {2023},
  author = {Docker inc.},
  urldate = {2023-12-01}
}

@online{microk8s,
  title = {Micro K8s},
  url = {https://microk8s.io/docs},
  year = {2023},
  author = {Canonical Ltd},
  urldate = {2023-12-15}
}

@online{k3s,
  title = {K3s},
  url = {https://k3s.io/},
  year = {2023},
  author = {K3s},
  urldate = {2023-12-15}
}

@book{database,
  title     = {Database System Concepts},
  author    = {Abraham Silberschatz and Henry F. Korth and S. Sudarshan},
  isbn      = {9781260515046},
  edition   = {7},
  publisher = {McGraw-Hill},
  year      = {2020}
}

@inproceedings{predictiveva,
  author  = {Thomas Wang},
  title   = {Predictive Vertical CPU Autoscaling in Kubernetes based on Time Series Forecasting with Holt-Winters Exponential Smoothing and Long Short Term Memory},
  month   = {4},
  year    = {2021},
  url     = {https://www.diva-portal.org/smash/get/diva2:1553841/FULLTEXT01.pdf},
  urldate = {2022-02-23}
}

@online{ephemeral,
  title   = {Ephemeral Containers},
  author  = {Kubernetes},
  year    = {2023},
  url     = {https://kubernetes.io/docs/concepts/workloads/pods/ephemeral-containers/},
  urldate = {2023-02-23}
}

@online{googlevpajvm,
  title   = {About Vertical Pod Autoscaling},
  author  = {Google},
  year    = {2023},
  url     = {https://cloud.google.com/kubernetes-engine/docs/concepts/verticalpodautoscaler},
  urldate = {2023-07-13}
}

@online{micoservicearchitecture,
  title   = {Microservices architectures},
  author  = {Chris Richardson},
  year    = {2023},
  url     = {https://microservices.io/tags/service%20discovery},
  urldate = {2023-12-15}
}
@online{3rdpartyintegration,
  title   = {Microservices architectures: 3rd-party-registration},
  author  = {Chris Richardson},
  year    = {2023},
  url     = {https://microservices.io/patterns/3rd-party-registration.html},
  urldate = {2023-12-15}
}
@online{clientsidediscovery,
  title   = {Microservices architectures: Client Side discovery},
  author  = {Chris Richardson},
  year    = {2023},
  url     = {https://microservices.io/patterns/client-side-discovery.html},
  urldate = {2023-12-15}
}
@online{selfregistration,
  title   = {Microservices architectures: Self registration},
  author  = {Chris Richardson},
  year    = {2023},
  url     = {https://microservices.io/patterns/self-registration.html},
  urldate = {2023-12-15}
}

@online{servicesidediscovery,
  title   = {Microservices architectures: Service side discovery},
  author  = {Chris Richardson},
  year    = {2023},
  url     = {https://microservices.io/patterns/server-side-discovery.html},
  urldate = {2023-12-15}
}

@online{kubeinplaceupdate,
  title   = {Kubernetes 1.27: In-place Resource Resize for Kubernetes Pods (alpha)},
  author  = {Vinay Kulkarni},
  year    = {2023},
  url     = {https://kubernetes.io/blog/2023/05/12/in-place-pod-resize-alpha/},
  urldate = {2023-06-20}
}

@online{kubeinplaceupdate2,
  title   = {Resize Container Resources},
  author  = {Kubernetes},
  year    = {2023},
  url     = {https://kubernetes.io/docs/tasks/configure-pod-container/resize-container-resources/},
  urldate = {2023-06-20}
}

@online{mqtt,
  title= {MQTT: The Standard for IoT Messaging},
  author= {Mqtt},
  url = {https://mqtt.org/},
  year = {2023},
  urldate = {2023-12-15}
}

@book{appliedpredictivemodel,
  title     = {Applied Predictive Model},
  author    = {Max Kuhn and Kjell Johnson},
  isbn      = {9781461468486},
  year      = {2013},
  publisher = {Springer}
}

@book{timeseriesanalysis,
  title     = {Time Series Analysis and Its Applications with R Examples},
  edition   = {3},
  author    = {Robert H. Shumway and David S. Stoffer},
  isbn      = {9781441978646},
  year      = {2011},
  publisher = {Springer}
}

@inproceedings{riset1,
  author = {Dang Quang and Nhat-Minh and Myungsik Yoo},
  title  = {Deep Learning-Based Autoscaling Using Bidirectional Long Short-Term Memory for Kubernetes},
  year   = {2021},
  doi    = {10.3390/app11093835}
}

@inproceedings{riset2,
  author = {David Balla and Csaba Simon and Markosz Maliosz},
  title  = {Adaptive Scaling of Kubernetes Pods},
  year   = {2020},
  doi    = {10.1109/NOMS47738.2020.9110428}
}

@inproceedings{zhang,
  author = {Hui Zhang and Guofei Jiang and Kenji Yoshihira and Haifeng Chen and Akhilesh Saxena},
  title  = {Intelligent Workload Factoring for a Hybrid Cloud Computing Model},
  year   = {2009},
  doi    = {10.1109/SERVICES-I.2009.26}
}

@inproceedings{al2017autonomic,
  title        = {Autonomic Vertical Elasticity of Docker Containers with Elasticdocker},
  author       = {Al-Dhuraibi, Yahya and Paraiso, Fawaz and Djarallah, Nabil and Merle, Philippe},
  doi          = {10.1109/CLOUD.2017.67},
  year         = {2017},
  organization = {IEEE}
}

@online{hpa2,
  title   = {Horizontal Pod Autoscaler},
  author  = {Kubernetes},
  year    = {2023},
  url     = {https://kubernetes.io/docs/tasks/run-application/horizontal-pod-autoscale/},
  urldate = {2023-07-10}
}

@inproceedings{asmicrocosteff,
  author = {Prachitmutita, Issaret and Aittinonmongkol, Wachirawit and Pojjanasuksakul, Nasoret and Supattatham, Montri and Padungweang, Praisan},
  title  = {Auto-scaling Microservices on IaaS under SLA with Cost-Effective Framework},
  year   = {2018},
  doi    = {10.1109/ICACI.2018.8377525}
}

@inproceedings{adaptivehsmicro,
  author = {Ming Yan and XiaoMeng Liang and ZhiHui Lu and Jie Wu and Wei Zhang},
  doi    = {10.1016/j.asoc.2021.107216},
  title  = {Adaptive Horizontal Scaling of Microservices using Bi-LSTM},
  year   = {2021}
}

@inproceedings{mlbasconapps,
  author = {Mahmoud Imdoukh, Imtiaz Ahmad and Mohammad Gh. Alfailakawi},
  title  = {Machine Learning-based Auto-scaling for Containerized Applications},
  year   = {2018},
  doi    = {10.1007/s00521-019-04507-z}
}

@article{osullivan2002,
  author    = {O'Sullivan, J. and Edmond, D. and Ter Hofstede, A.},
  title     = {What's in a Service?},
  journal   = {Distributed and Parallel Databases},
  volume    = {12},
  pages     = {117-133},
  year      = {2002},
}

@article{abugessaisa2023,
  author    = {Abugessaisa, Imad and Östman, Anders},
  title     = {TESTING-SDI: E-GOVERNMENT PROSPECTIVE, REQUIREMENTS, AND CHALLENGES},
  year      = {2023},
}

@article{bouguettaya2017,
  author    = {Bouguettaya, A. and Medjahed, B. and Ouzzani, M. and Casati, F. and Liu, X. and Wang, H. and Benatallah, B.},
  title     = {A service computing manifesto},
  journal   = {Communications of the ACM},
  volume    = {60},
  number    = {4},
  pages     = {64-72},
  year      = {2017},
  doi       = {10.1145/2983528},
}

@inproceedings{li2019,
  author    = {W. Li and Y. Lemieux and J. Gao and Z. Zhao and Y. Han},
  title     = {Service Mesh: Challenges, State of the Art, and Future Research Opportunities},
  booktitle = {2019 IEEE International Conference on Service-Oriented System Engineering (SOSE)},
  year      = {2019},
  pages     = {122-1225},
  doi       = {10.1109/SOSE.2019.00026},
}

@inproceedings{ganguli2021,
  author    = {M. Ganguli and S. Ranganath and S. Ravisundar and A. Layek and D. Ilangovan and E. Verplanke},
  title     = {Challenges and Opportunities in Performance Benchmarking of Service Mesh for the Edge},
  booktitle = {2021 IEEE International Conference on Edge Computing (EDGE)},
  year      = {2021},
  pages     = {78-85},
  doi       = {10.1109/EDGE53862.2021.00020},
}

@inproceedings{papazoglou,
  author    = {Papazoglou, M. P.},
  title     = {Service-oriented computing: concepts, characteristics and directions},
  booktitle = {Proceedings of the 7th International Conference on Properties and Applications of Dielectric Materials (Cat. No.03CH37417)},
  doi       = {10.1109/wise.2003.1254461},
}
@inproceedings{multicloudiot,
  author={Gattobigio, Luca and Thielemans, Steffen and Benedetti, Priscilla and Reali, Gianluca and Braeken, An and Steenhaut, Kris},
  booktitle={IECON 2022 – 48th Annual Conference of the IEEE Industrial Electronics Society}, 
  title={A multi-cloud service mesh approach applied to Internet of Things}, 
  year={2022},
  volume={},
  number={},
  pages={1-6},
  doi={10.1109/IECON49645.2022.9968384}}

@INPROCEEDINGS{kubeedge,
  author={Xiong, Ying and Sun, Yulin and Xing, Li and Huang, Ying},
  booktitle={2018 IEEE/ACM Symposium on Edge Computing (SEC)}, 
  title={Extend Cloud to Edge with KubeEdge}, 
  year={2018},
  volume={},
  number={},
  pages={373-377},
  doi={10.1109/SEC.2018.00048}}

@INPROCEEDINGS{helmkubernetes,
  author={Gokhale, Shivani and Poosarla, Reetika and Tikar, Sanjeevani and Gunjawate, Swapnali and Hajare, Aparna and Deshpande, Shilpa and Gupta, Sourabh and Karve, Kanchan},
  booktitle={2021 International Conference on Computing, Communication and Green Engineering (CCGE)}, 
  title={Creating Helm Charts to ease deployment of Enterprise Application and its related Services in Kubernetes}, 
  year={2021},
  volume={},
  number={},
  pages={1-5},
  doi={10.1109/CCGE50943.2021.9776450}}

@inproceedings{madakam2015internet,
  title={Internet of Things (IoT): A Literature Review},
  author={Madakam, Somayya and Ramaswamy, Radhika and Tripathi, Shubham},
  journal={Journal of Computer and Communications},
  volume={3},
  pages={164-173},
  year={2015},
  doi={10.4236/jcc.2015.35021}
}

@article{gunawan2017prototype,
  title={Prototype design of smart home system using internet of things},
  author={Gunawan, Teddy Surya and Yaldi, Intan Rahmithul Husna and Kartiwi, Mira and Ismail, Nanang and Za’bah, Nor Farahidah and Mansor, Hasmah and Nordin, Anis Nurashikin},
  journal={Indonesian Journal of Electrical Engineering and Computer Science},
  volume={7},
  number={1},
  pages={107--115},
  year={2017},
  publisher={Institute of Advanced Engineering and Science}
}

@article{kadam2015smart,
  title={Smart home system},
  author={Kadam, Rohit and Mahamuni, Pranav and Parikh, Yash},
  journal={International Journal of Innovative Research in Advanced Engineering},
  volume={2},
  number={1},
  pages={81--86},
  year={2015}
}


@article{RemoteDeployment,
	abstract = {Internet of Thing systems deployments are becoming both ubiquitous and business critical in numerous business verticals, both for process automation and data-driven decision-making based on distributed sensors networks. Beneath the simplicity offered by these solutions, we usually find complex, multi-layer architectures&mdash;from hardware sensors up to data analytics systems},
	article-number = {4393},
	author = {Radovici, Alexandru and Culic, Ioana and Rosner, Daniel and Oprea, Flavia},
	doi = {10.3390/s20164393},
	issn = {1424-8220},
	journal = {Sensors},
	number = {16},
	pubmedid = {32781684},
	title = {A Model for the Remote Deployment, Update, and Safe Recovery for Commercial Sensor-Based IoT Systems},
	url = {https://www.mdpi.com/1424-8220/20/16/4393},
	volume = {20},
	year = {2020},
	bdsk-url-1 = {https://www.mdpi.com/1424-8220/20/16/4393},
	bdsk-url-2 = {https://doi.org/10.3390/s20164393}}

@INPROCEEDINGS{DeviceDiscovery,
  author={Ccori, Pablo Calcina and De Biase, Laisa Caroline Costa and Zuffo, Marcelo Knorich and da Silva, Flávio Soares Corrêa},
  booktitle={2016 IEEE International Symposium on Consumer Electronics (ISCE)}, 
  title={Device discovery strategies for the IoT}, 
  year={2016},
  volume={},
  number={},
  pages={97-98},
  doi={10.1109/ISCE.2016.7797388}}

@ARTICLE{IOTSmartCity,
  author={Zanella, Andrea and Bui, Nicola and Castellani, Angelo and Vangelista, Lorenzo and Zorzi, Michele},
  journal={IEEE Internet of Things Journal}, 
  title={Internet of Things for Smart Cities}, 
  year={2014},
  volume={1},
  number={1},
  pages={22-32},
  doi={10.1109/JIOT.2014.2306328}}

@INPROCEEDINGS{IoTSmartHome,
  author={Malche, Timothy and Maheshwary, Priti},
  booktitle={2017 International Conference on I-SMAC (IoT in Social, Mobile, Analytics and Cloud) (I-SMAC)}, 
  title={Internet of Things (IoT) for building smart home system}, 
  year={2017},
  volume={},
  number={},
  pages={65-70},
  doi={10.1109/I-SMAC.2017.8058258}}


@INPROCEEDINGS{IoTEnabledSmartHomeSystem,
  author={Sarmah, Roshmi and Bhuyan, Manasjyoti and Bhuyan, Monowar H.},
  booktitle={2019 IEEE 5th World Forum on Internet of Things (WF-IoT)}, 
  title={SURE-H: A Secure IoT Enabled Smart Home System}, 
  year={2019},
  volume={},
  number={},
  pages={59-63},
  doi={10.1109/WF-IoT.2019.8767229}}

@article{PerancanganPrototypeSmartHome, 
  title={Perancangan Prototype Smart Home Dengan Konsep Internet of Thing ( IoT) Berbasis Web Server}, 
  volume={26}, 
  url={https://jmi-upiyptk.org/ojs/index.php/jmi/article/view/53}, DOI={10.35134/jmi.v26i2.53}, 
  abstractNote={&amp;lt;p&amp;gt;Seiring dengan perkembangan zaman dan meningkatnya ekonomi masyarakat permintaan akan kebutuhan rumah yang aman dan nyaman kian meningkat, serta penggunaan internet yang tanpa kita sadari hadir pada kehidupan kita sehari hari menjadikan kita sebagai masyarakat yang berada dalam putaran IoE (Internet of Everything) sehingga saya tertarik untuk mengembangkan smart home dengan konsep Internet of Thing sebagai sekala yang lebih kecil dari Internet of Everything Laporan ini adalah hasil dari pembuatan karya prototype smart home dengan konsep internet of thing menggunakan arduino Wemos D1 dan web browser, membahas mengenai cara kerja dari hubungan arduino wemos d1 yang di kontrol melalui website sebagai langkah penerapan internet of thing dengan menggunakan ip public, menggunakan device komputer sebagai perantara dan dibantu dengan. Dengan adanya prototype ini diharapkan para pengembang selanjutnya baik dari akademisi maupun non-akademisi dapat mengetahui dan mempelajari konsep gabungan antara smart home dan internet of thing secara lebih interaktif, walaupun penulis menyadari masih banyak yang harus diperbaiki dan dikembangkan dari prototype yang penulis buat ini&amp;lt;/p&amp;gt;}, 
  number={2}, 
  journal={Majalah Ilmiah UPI YPTK}, 
  author={Hasri Awal}, 
  year={2019}, 
  month={Dec.}, 
  pages={65–79} 
}

@INPROCEEDINGS{SmartHomeSystemBasedOnIoTTechnologies,
  author={Jie, Yin and Pei, Ji Yong and Jun, Li and Yun, Guo and Wei, Xu},
  booktitle={2013 International Conference on Computational and Information Sciences}, 
  title={Smart Home System Based on IOT Technologies}, 
  year={2013},
  volume={},
  number={},
  pages={1789-1791},
  doi={10.1109/ICCIS.2013.468}}

@ARTICLE{ServiceDiscovery,
  author={Zhu, F. and Mutka, M.W. and Ni, L.M.},
  journal={IEEE Pervasive Computing}, 
  title={Service discovery in pervasive computing environments}, 
  year={2005},
  volume={4},
  number={4},
  pages={81-90},
  doi={10.1109/MPRV.2005.87}}

@misc{klusch2014servicediscovery,
  title={Service Discovery.},
  author={Klusch, Matthias},
  year={2014}
}

@inproceedings{vogler2015leonore,
  title={LEONORE large-scale provisioning of resource-constrained IoT deployments},
  author={V{\"o}gler, Michael and Schleicher, Johannes and Inzinger, Christian and Nastic, Stefan and Sehic, Sanjin and Dustdar, Schahram},
  booktitle={2015 IEEE Symposium on Service-Oriented System Engineering},
  pages={78--87},
  year={2015},
  organization={IEEE}
}

@article{hong2019resource,
  title={Resource management in fog/edge computing: a survey on architectures, infrastructure, and algorithms},
  author={Hong, Cheol-Ho and Varghese, Blesson},
  journal={ACM Computing Surveys (CSUR)},
  volume={52},
  number={5},
  pages={1--37},
  year={2019},
  publisher={ACM New York, NY, USA}
}

@inproceedings{thuluva2017recipes,
  title={Recipes for IoT applications},
  author={Thuluva, Aparna Saisree and Br{\"o}ring, Arne and Medagoda, Ganindu P and Don, Hettige and Anicic, Darko and Seeger, Jan},
  booktitle={Proceedings of the Seventh International Conference on the Internet of Things},
  pages={1--8},
  year={2017}
}

@article{sotres2017practical,
  title={Practical lessons from the deployment and management of a smart city internet-of-things infrastructure: The smartsantander testbed case},
  author={Sotres, Pablo and Santana, Juan Ram{\'o}n and S{\'a}nchez, Luis and Lanza, Jorge and Mu{\~n}oz, Luis},
  journal={IEEE Access},
  volume={5},
  pages={14309--14322},
  year={2017},
  publisher={IEEE}
}

@inproceedings{studyovertheair1,
  author    = {Mónica M. Villegas and Cristian Orellana and Hernán Astudillo},
  title     = {A Study of Over-the-Air (OTA) Update Systems for CPS and IoT Operating Systems},
  booktitle = {Proceedings of the European Conference on Software Architecture (ECSA)},
  year      = {2019},
  pages     = {4 pages},
  location  = {Paris}
}

@article{ElJaouhari2022,
  title = {Secure firmware Over-The-Air updates for IoT: Survey,  challenges,  and discussions},
  volume = {18},
  ISSN = {2542-6605},
  url = {http://dx.doi.org/10.1016/j.iot.2022.100508},
  DOI = {10.1016/j.iot.2022.100508},
  journal = {Internet of Things},
  publisher = {Elsevier BV},
  author = {El Jaouhari,  Saad and Bouvet,  Eric},
  year = {2022},
  month = may,
  pages = {100508}
}

@ARTICLE{wirelessSensorDeployment,
  author={Deif, Dina S. and Gadallah, Yasser},
  journal={IEEE Communications Surveys & Tutorials}, 
  title={Classification of Wireless Sensor Networks Deployment Techniques}, 
  year={2014},
  volume={16},
  number={2},
  pages={834-855},
  keywords={Wireless sensor networks;Robot sensing systems;Genetic algorithms;Mathematical model;Sociology;Statistics;Wireless sensor networks;planned deployment;Genetic Algorithm;Artificial Potential Field;virtual forces;Computational Geometry;Particle Swarm Optimization},
  doi={10.1109/SURV.2013.091213.00018}
}

@article{khraisat2021critical,
  title={A critical review of intrusion detection systems in the internet of things: techniques, deployment strategy, validation strategy, attacks, public datasets and challenges},
  author={Khraisat, Ansam and Alazab, Ammar},
  journal={Cybersecurity},
  volume={4},
  pages={1--27},
  year={2021},
  publisher={Springer}
}

@inproceedings{vogler2015diane,
  title={DIANE-dynamic IoT application deployment},
  author={V{\"o}gler, Michael and Schleicher, Johannes M and Inzinger, Christian and Dustdar, Schahram},
  booktitle={2015 IEEE International Conference on Mobile Services},
  pages={298--305},
  year={2015},
  organization={IEEE}
}

@inproceedings{Vgler2015,
  title = {DIANE - Dynamic IoT Application Deployment},
  url = {http://dx.doi.org/10.1109/MobServ.2015.49},
  DOI = {10.1109/mobserv.2015.49},
  booktitle = {2015 IEEE International Conference on Mobile Services},
  publisher = {IEEE},
  author = {V\"{o}gler,  Michael and Schleicher,  Johannes M. and Inzinger,  Christian and Dustdar,  Schahram},
  year = {2015},
  month = jun 
}


@INPROCEEDINGS{softwareDeploymentFuturePast,
  author={Dearle, Alan},
  booktitle={Future of Software Engineering (FOSE '07)}, 
  title={Software Deployment, Past, Present and Future}, 
  year={2007},
  volume={},
  number={},
  pages={269-284},
  keywords={Software performance;Assembly;Computer science;Operating systems;Terminology;Packaging;Computer languages;Middleware;Software systems;Hardware},
  doi={10.1109/FOSE.2007.20}
  }

  @techreport{softwareDeploymentCarzaniga1998characterization,
  title={A characterization framework for software deployment technologies},
  author={Carzaniga, Antonio and Fuggetta, Alfonso and Hall, Richard S and Heimbigner, Dennis and Van Der Hoek, Andr{\'e} and Wolf, Alexander L},
  year={1998},
  institution={Technical Report CU-CS-857-98, Dept. of Computer Science, University of Colorado}
}

@inproceedings{Dias2019,
  series = {EuroPLoP ’19},
  title = {Testing and deployment patterns for the internet-of-things},
  url = {http://dx.doi.org/10.1145/3361149.3361165},
  DOI = {10.1145/3361149.3361165},
  booktitle = {Proceedings of the 24th European Conference on Pattern Languages of Programs},
  publisher = {ACM},
  author = {Dias,  João Pedro and Ferreira,  Hugo Sereno and Sousa,  Tiago Boldt},
  year = {2019},
  month = jul,
  collection = {EuroPLoP ’19}
}

@article{ARCANGELI2015198,
title = {Automatic deployment of distributed software systems: Definitions and state of the art},
journal = {Journal of Systems and Software},
volume = {103},
pages = {198-218},
year = {2015},
issn = {0164-1212},
doi = {https://doi.org/10.1016/j.jss.2015.01.040},
url = {https://www.sciencedirect.com/science/article/pii/S0164121215000308},
author = {Jean-Paul Arcangeli and Raja Boujbel and Sébastien Leriche},
keywords = {Software management and maintenance, Software deployment, Component-based distributed systems},
abstract = {Deployment of software systems is a complex post-production process that consists in making software available for use and then keeping it operational. It must deal with constraints concerning both the system and the target machine(s), in particular their distribution, heterogeneity and dynamics, and satisfy requirements from different stakeholders. In the context of mobility and openness, deployment must react to the instability of the network of machines (failures, connections, disconnections, variations in the quality of the resources, etc.). Thus, deployment should be an uninterrupted process which also works when software is running and requires adaptiveness in order to continually satisfy the constraints and the requirements. Originally managed “by hand”, software deployment demands an increasing level of automation and autonomy. This article first provides up-to-date terminology and definitions related to software deployment. Then, it proposes an analytical framework and reviews recent research works on automatic deployment with reference to this framework, and synthesizes the results. The review shows that existing solutions are incomplete, and possibly inefficient or unusable, when distribution, heterogeneity, scalability, dynamics and openness are primary concerns. In particular, they barely support dynamic reactions to unforeseeable events. Additionally, abstraction level and expressiveness at design time are rather limited regarding deployment complexity.}
}

@article{wurster2020essential,
  title={The essential deployment metamodel: a systematic review of deployment automation technologies},
  author={Wurster, Michael and Breitenb{\"u}cher, Uwe and Falkenthal, Michael and Krieger, Christoph and Leymann, Frank and Saatkamp, Karoline and Soldani, Jacopo},
  journal={SICS Software-Intensive Cyber-Physical Systems},
  volume={35},
  pages={63--75},
  year={2020},
  publisher={Springer}
}

@inproceedings{Zimmermann2020_SelfContainedDeploymentPackages,
  author = {Michael Zimmermann and Uwe Breitenb{\"u}cher and Lukas
  Harzenetter and Frank Leymann and Vladimir Yussupov},
  title = {{Self-Contained Service Deployment Packages}},
  booktitle = {Proceedings of the 10th International Conference on Cloud
  Computing and Services Science (CLOSER 2020)},
  year = 2020,
  month = may,
  pages = {371--381},
  isbn = {978-989-758-424-4},
  doi = {10.5220/0009414903710381},
  publisher = {SciTePress}
}

@article{deploybenefits,
  title={The Benefits of Deployment Automation},
  author={Deploy, Octopus},
  journal={Octopus Deploy}
}

@article{merkel2014docker,
  title={Docker: lightweight linux containers for consistent development and deployment},
  author={Merkel, Dirk and others},
  journal={Linux j},
  volume={239},
  number={2},
  pages={2},
  year={2014}
}

@inproceedings{Nguyen2019,
  title = {Advances in Deployment and Orchestration Approaches for IoT - A Systematic Review},
  url = {http://dx.doi.org/10.1109/iciot.2019.00021},
  DOI = {10.1109/iciot.2019.00021},
  booktitle = {2019 IEEE International Congress on Internet of Things (ICIOT)},
  publisher = {IEEE},
  author = {Nguyen,  Phu and Ferry,  Nicolas and Erdogan,  Gencer and Song,  Hui and Lavirotte,  Stephane and Tigli,  Jean-Yves and Solberg,  Arnor},
  year = {2019},
  month = jul 
}

@inproceedings{Krishna2019,
  title = {IoT Composer: Composition and Deployment of IoT Applications},
  url = {http://dx.doi.org/10.1109/ICSE-Companion.2019.00028},
  DOI = {10.1109/icse-companion.2019.00028},
  booktitle = {2019 IEEE/ACM 41st International Conference on Software Engineering: Companion Proceedings (ICSE-Companion)},
  publisher = {IEEE},
  author = {Krishna,  Ajay and Le Pallec,  Michel and Mateescu,  Radu and Noirie,  Ludovic and Salaun,  Gwen},
  year = {2019},
  month = may 
}

@inproceedings{Jain2017,
  title = {Cloud to Edge: Distributed Deployment of Process-Aware IoT Applications},
  url = {http://dx.doi.org/10.1109/IEEE.EDGE.2017.32},
  DOI = {10.1109/ieee.edge.2017.32},
  booktitle = {2017 IEEE International Conference on Edge Computing (EDGE)},
  publisher = {IEEE},
  author = {Jain,  Rakesh and Tata,  Samir},
  year = {2017},
  month = jun 
}

@INPROCEEDINGS{madcat,
  author={Inzinger, Christian and Nastic, Stefan and Sehic, Sanjin and Vögler, Michael and Li, Fei and Dustdar, Schahram},
  booktitle={2014 IEEE 8th International Symposium on Service Oriented System Engineering}, 
  title={MADCAT: A Methodology for Architecture and Deployment of Cloud Application Topologies}, 
  year={2014},
  volume={},
  number={},
  pages={13-22},
  keywords={Computer architecture;Unified modeling language;Concrete;Business;Topology;Architecture;Cloud computing;cloud computing;software development methodology;cloud-native applications},
  doi={10.1109/SOSE.2014.9}
  }

  @article{Bhm2022,
  title = {Cloud-Edge Orchestration for Smart Cities: A Review of Kubernetes-based Orchestration Architectures},
  volume = {6},
  ISSN = {2518-3893},
  url = {http://dx.doi.org/10.4108/eetsc.v6i18.1197},
  DOI = {10.4108/eetsc.v6i18.1197},
  number = {18},
  journal = {EAI Endorsed Transactions on Smart Cities},
  publisher = {European Alliance for Innovation n.o.},
  author = {B\"{o}hm,  Sebastian and Wirtz,  Guido},
  year = {2022},
  month = may,
  pages = {e2}
}

@ARTICLE{OTAKeyPrinciples,
  author={Bauwens, Jan and Ruckebusch, Peter and Giannoulis, Spilios and Moerman, Ingrid and Poorter, Eli De},
  journal={IEEE Communications Magazine}, 
  title={Over-the-Air Software Updates in the Internet of Things: An Overview of Key Principles}, 
  year={2020},
  volume={58},
  number={2},
  pages={35-41},
  keywords={Internet of Things;Wireless sensor networks;Security;Data dissemination;Computer bugs;Enregy consumption;Operating systems},
  doi={10.1109/MCOM.001.1900125}}