@book{knuth2001art,
  title     = {The Art of Computer Programming: Fundamental Algorithms},
  author    = {Knuth, D.E.},
  number    = {v. 1},
  isbn      = {9780201896831},
  series    = {The Art of Computer Programming: Fundamental Algorithms},
  year      = {2001},
  publisher = {Addison-Wesley}
}
@inproceedings{4026885,
  author   = {W. Vogels},
  title    = {Web Services at Amazon.com},
  year     = {2006},
  pages    = {xxii-xxii},
  keywords = {Distributed computing;Technological innovation;Web services},
  doi      = {10.1109/SCC.2006.116},
  month    = {Sep}
}
@article{paw1994,
  title     = {Projector augmented-wave method},
  author    = {Bl\"ochl, P. E.},
  journal   = {Phys. Rev. B},
  volume    = {50},
  issue     = {24},
  pages     = {17953--17979},
  year      = {1994},
  month     = {Dec},
  publisher = {American Physical Society}
}
@article{kresse1999,
  title     = {From ultrasoft pseudopotentials to the projector augmented-wave method},
  author    = {Kresse, G. and Joubert, D.},
  journal   = {Phys. Rev. B},
  volume    = {59},
  pages     = {1758--1775},
  year      = {1999},
  publisher = {American Physical Society}
}
@article{hohen1964,
  title   = {Inhomogeneous Electron Gas},
  volume  = {136},
  journal = {Phys. Rev.},
  author  = {Hohenberg, P. and Kohn, W.},
  year    = {1964},
  pages   = {"B864â€“B871"}
}
@article{vasp1,
  title   = { Ab initio molecular dynamics for liquid metals},
  volume  = {47},
  pages   = {558},
  journal = {Phy. Rev. B},
  year    = {1993},
  author  = {Kresse, G. and Hafner, J. }
}
@article{markovic2001,
  title   = {Oxygen Reduction Reaction on Pt and Pt Bimetallic Surfaces: A Selective Review},
  volume  = {1},
  number  = {2},
  journal = {Fuel Cells},
  author  = {Markovic, N. M. and Schmidt, T. J. and Stamenkovic, V. and Ross, P. N.},
  pages   = {105},
  year    = {2001}
}
@article{Kim2006,
  title   = {Study of oxygen reduction on stainless steel surfaces and its contribution to acoustic emission recorded during corrosion processes},
  journal = {Corrosion Science},
  volume  = {48},
  number  = {12},
  pages   = {3945 - 3959},
  year    = {2006},
  author  = {Y.P. Kim and M. Fregonese and H. Mazille and D. Feron and G. Santarini and F. R. Ekananda and D. H. Rahman}
}
@online{codingame2021media,
  title   = {CodinGame},
  author  = {CodinGame},
  year    = {2021},
  url     = {https://www.codingame.com},
  urldate = {2021-10-22}
}
